<record><leader>00000cas a2200000 a 4500</leader><controlfield tag="001">8814503</controlfield><controlfield tag="008">820928d1854185uiludn ne      0   a0eng  </controlfield><datafield ind1=" " ind2=" " tag="010"><subfield code="a">sn 82014256 </subfield></datafield><datafield ind1=" " ind2=" " tag="040"><subfield code="a">DLC</subfield><subfield code="b">eng</subfield><subfield code="c">DLC</subfield><subfield code="d">NPX</subfield><subfield code="d">DLC</subfield><subfield code="d">NPT</subfield><subfield code="d">DLC</subfield><subfield code="d">NPI</subfield><subfield code="d">NVF</subfield><subfield code="d">CRL</subfield><subfield code="d">OCL</subfield><subfield code="d">CVF</subfield><subfield code="d">CRL</subfield><subfield code="d">OCLCO</subfield><subfield code="d">OCLCQ</subfield><subfield code="d">OCLCF</subfield><subfield code="d">NVF</subfield><subfield code="d">OCLCO</subfield></datafield><datafield ind1=" " ind2=" " tag="012"><subfield code="a">3</subfield></datafield><datafield ind1="1" ind2=" " tag="029"><subfield code="a">AU@</subfield><subfield code="b">000003879995</subfield></datafield><datafield ind1=" " ind2=" " tag="042"><subfield code="a">pcc</subfield></datafield><datafield ind1=" " ind2=" " tag="043"><subfield code="a">n-us-il</subfield></datafield><datafield ind1="0" ind2="0" tag="050"><subfield code="a">Newspaper 7574-X</subfield></datafield><datafield ind1="0" ind2=" " tag="130"><subfield code="a">Chicago times (Chicago, Ill. : 1855)</subfield></datafield><datafield ind1="1" ind2="4" tag="245"><subfield code="a">The Chicago times.</subfield></datafield><datafield ind1="1" ind2="3" tag="246"><subfield code="a">Daily times</subfield></datafield><datafield ind1=" " ind2=" " tag="260"><subfield code="a">Chicago, Ill. :</subfield><subfield code="b">Cook, Cameron &amp; Sheahan</subfield></datafield><datafield ind1=" " ind2=" " tag="300"><subfield code="a">v.</subfield></datafield><datafield ind1=" " ind2=" " tag="310"><subfield code="a">Daily (except Sunday)</subfield></datafield><datafield ind1="1" ind2=" " tag="362"><subfield code="a">Began in 1854?</subfield></datafield><datafield ind1=" " ind2=" " tag="530"><subfield code="a">Available on microfilm;</subfield><subfield code="b">Illinois State Historical Library, UMI, Microphoto (filmed with other items), and Readex Microfilm Products (filmed with other items).</subfield></datafield><datafield ind1=" " ind2=" " tag="580"><subfield code="a">Weekly ed.: Chicago weekly times, &lt;1855&gt;.</subfield></datafield><datafield ind1=" " ind2=" " tag="588"><subfield code="a">Description based on: Vol. 2, no. 116 (Jan. 16, 1855).</subfield></datafield><datafield ind1=" " ind2=" " tag="588"><subfield code="a">Latest issue consulted: Vol. 2, no. 336 (Sept. 30, 1855).</subfield></datafield><datafield ind1=" " ind2="0" tag="651"><subfield code="a">Chicago (Ill.)</subfield><subfield code="v">Newspapers.</subfield></datafield><datafield ind1=" " ind2="7" tag="651"><subfield code="a">Illinois</subfield><subfield code="z">Chicago.</subfield><subfield code="2">fast</subfield><subfield code="0">(OCoLC)fst01204048</subfield></datafield><datafield ind1=" " ind2="7" tag="655"><subfield code="a">Newspapers.</subfield><subfield code="2">fast</subfield><subfield code="0">(OCoLC)fst01423814</subfield></datafield><datafield ind1=" " ind2=" " tag="752"><subfield code="a">United States</subfield><subfield code="b">Illinois</subfield><subfield code="c">Cook</subfield><subfield code="d">Chicago.</subfield></datafield><datafield ind1="1" ind2=" " tag="775"><subfield code="t">Chicago weekly times</subfield><subfield code="w">(DLC)sn 86086394</subfield><subfield code="w">(OCoLC)13341811</subfield></datafield><datafield ind1="0" ind2="0" tag="780"><subfield code="t">Chicago daily times</subfield><subfield code="w">(DLC)sn 83045070</subfield><subfield code="w">(OCoLC)9291665</subfield></datafield><datafield ind1="0" ind2="0" tag="785"><subfield code="t">Daily Chicago times</subfield><subfield code="w">(DLC)sn 82014253</subfield><subfield code="w">(OCoLC)8814223</subfield></datafield></record>